
@ARTICLE{Watts-Tobin1981-mn,
  title   = "Nonequilibrium theory of dirty, current-carrying superconductors:
             phase-slip oscillators in narrow filaments near Tc",
  author  = "Watts-Tobin, R J and Kr{\"a}henb{\"u}hl, Y and Kramer, L",
  journal = "J. Low Temp. Phys.",
  volume  =  42,
  number  =  5,
  pages   = "459--501",
  month   =  mar,
  year    =  1981,
  url     = "https://doi.org/10.1007/BF00117427"
}

@ARTICLE{Kramer1978-kb,
  title     = "Theory of Dissipative {Current-Carrying} States in
               Superconducting Filaments",
  author    = "Kramer, L and Watts-Tobin, R J",
  journal   = "Phys. Rev. Lett.",
  publisher = "American Physical Society",
  volume    =  40,
  number    =  15,
  pages     = "1041--1044",
  month     =  apr,
  year      =  1978,
  url       = "https://link.aps.org/doi/10.1103/PhysRevLett.40.1041"
}

@INCOLLECTION{Gorkov1996-do,
  title     = "Generalization of the {Ginzburg-Landau} equations for non-stationary problems in the case of alloys with paramagnetic impurities",
  booktitle = "30 Years of the Landau Institute: Selected Papers",
  author    = "Gor'kov, L P and Eliashberg, G M",
  publisher = "World Scientific",
  volume    =  11,
  pages     = "16--22",
  series    = "World Scientific Series in 20th Century Physics",
  month     =  aug,
  year      =  1996,
  url       = "https://doi.org/10.1142/9789814317344_0003"
}

@ARTICLE{Lemberger2013-ha,
  title     = "Upper limit of metastability of the vortex-free state of a
               two-dimensional superconductor in a nonuniform magnetic field",
  author    = "Lemberger, Thomas R and Ahmed, Adam",
  journal   = "Phys. Rev. B Condens. Matter",
  publisher = "American Physical Society",
  volume    =  87,
  number    =  21,
  pages     = "214505",
  month     =  jun,
  year      =  2013,
  url       = "https://link.aps.org/doi/10.1103/PhysRevB.87.214505"
}

@MISC{Turneaure1996-ns,
  title   = "Numerical modeling of a two-coil apparatus for measuring the
             magnetic penetration depth in superconducting films and arrays",
  author  = "Turneaure, Stefan J and Ulm, Eric R and Lemberger, Thomas R",
  journal = "Journal of Applied Physics",
  volume  =  79,
  number  =  8,
  pages   = "4221",
  year    =  1996,
  url     = "http://dx.doi.org/10.1063/1.362657"
}

@ARTICLE{Lemberger2016-pb,
  title     = "Vortex dynamics in a thin superconducting film with a
               non-uniform magnetic field applied at its center with a small
               coil",
  author    = "Lemberger, Thomas R and Loh, Yen Lee",
  journal   = "J. Appl. Phys.",
  publisher = "American Institute of Physics",
  volume    =  120,
  number    =  16,
  pages     = "163904",
  month     =  oct,
  year      =  2016,
  url       = "https://doi.org/10.1063/1.4966165"
}


@ARTICLE{Bishop-Van_Horn2022-sy,
  title    = "{SuperScreen}: An open-source package for simulating the magnetic
              response of two-dimensional superconducting devices",
  author   = "Bishop-Van Horn, Logan and Moler, Kathryn A",
  journal  = "Comput. Phys. Commun.",
  volume   =  280,
  pages    = "108464",
  month    =  nov,
  year     =  2022,
  url      = "https://www.sciencedirect.com/science/article/pii/S0010465522001837",
  keywords = "Superconductivity; Meissner screening; London equation;
              Inductance"
}

@ARTICLE{Brandt2005-wj,
  title     = "Thin superconductors and {SQUIDs} in perpendicular magnetic
               field",
  author    = "Brandt, Ernst Helmut",
  journal   = "Phys. Rev. B Condens. Matter",
  publisher = "American Physical Society",
  volume    =  72,
  number    =  2,
  pages     = "024529",
  month     =  jul,
  year      =  2005,
  url       = "https://link.aps.org/doi/10.1103/PhysRevB.72.024529"
}

@ARTICLE{Brandt2004-ew,
  title     = "Superconducting thin rings with finite penetration depth",
  author    = "Brandt, Ernst Helmut and Clem, John R",
  journal   = "Phys. Rev. B Condens. Matter",
  publisher = "American Physical Society",
  volume    =  69,
  number    =  18,
  pages     = "184509",
  month     =  may,
  year      =  2004,
  url       = "https://link.aps.org/doi/10.1103/PhysRevB.69.184509"
}

@ARTICLE{Bishop-Van_Horn2022-lr,
  title     = "Local imaging of diamagnetism in proximity-coupled niobium
               nanoisland arrays on gold thin films",
  author    = "Bishop-Van Horn, Logan and Zhang, Irene P and Waite, Emily N and
               Mondragon-Shem, Ian and Jensen, Scott and Oh, Junseok and
               Lippman, Tom and Durkin, Malcolm and Hughes, Taylor L and Mason,
               Nadya and Moler, Kathryn A and Sochnikov, Ilya",
  journal   = "Phys. Rev. B Condens. Matter",
  publisher = "American Physical Society",
  volume    =  106,
  number    =  5,
  pages     = "054521",
  month     =  aug,
  year      =  2022,
  url       = "https://link.aps.org/doi/10.1103/PhysRevB.106.054521"
}

@ARTICLE{Kirtley2016-gt,
  title     = "The response of small {SQUID} pickup loops to magnetic fields",
  author    = "Kirtley, John R and Paulius, Lisa and Rosenberg, Aaron J and
               Palmstrom, Johanna C and Schiessl, Daniel and Jermain, Colin L
               and Gibbons, Jonathan and Holland, Connor M and Fung, Y-K-K and
               Huber, Martin E and Ketchen, Mark B and Ralph, Daniel C and
               Gibson, Gerald W and Moler, Kathryn A",
  journal   = "Supercond. Sci. Technol.",
  publisher = "IOP Publishing",
  volume    =  29,
  number    =  12,
  pages     = "124001",
  month     =  oct,
  year      =  2016,
  url       = "https://iopscience.iop.org/article/10.1088/0953-2048/29/12/124001/meta",
  language  = "english"
}

@ARTICLE{Kirtley2016-zz,
  title    = "Scanning {SQUID} susceptometers with sub-micron spatial
              resolution",
  author   = "Kirtley, John R and Paulius, Lisa and Rosenberg, Aaron J and
              Palmstrom, Johanna C and Holland, Connor M and Spanton, Eric M
              and Schiessl, Daniel and Jermain, Colin L and Gibbons, Jonathan
              and Fung, Y-K-K and Huber, Martin E and Ralph, Daniel C and
              Ketchen, Mark B and Gibson, Jr, Gerald W and Moler, Kathryn A",
  journal  = "Rev. Sci. Instrum.",
  volume   =  87,
  number   =  9,
  pages    = "093702",
  month    =  sep,
  year     =  2016,
  url      = "http://dx.doi.org/10.1063/1.4961982",
  language = "english"
}

@ARTICLE{Kirtley2012-od,
  title     = "Scanning {SQUID} susceptometry of a paramagnetic superconductor",
  author    = "Kirtley, J R and Kalisky, B and Bert, J A and Bell, C and Kim, M
               and Hikita, Y and Hwang, H Y and Ngai, J H and Segal, Y and
               Walker, F J and Ahn, C H and Moler, K A",
  journal   = "Phys. Rev. B Condens. Matter",
  publisher = "American Physical Society",
  volume    =  85,
  number    =  22,
  pages     = "224518",
  month     =  jun,
  year      =  2012,
  url       = "https://link.aps.org/doi/10.1103/PhysRevB.85.224518"
}

@ARTICLE{Gardner2001-gr,
  title     = "Scanning superconducting quantum interference device
               susceptometry",
  author    = "Gardner, Brian W and Wynn, Janice C and Bj{\"o}rnsson, Per G and
               Straver, Eric W J and Moler, Kathryn A and Kirtley, John R and
               Ketchen, Mark B",
  journal   = "Rev. Sci. Instrum.",
  publisher = "American Institute of Physics",
  volume    =  72,
  number    =  5,
  pages     = "2361--2364",
  month     =  may,
  year      =  2001,
  url       = "https://doi.org/10.1063/1.1364668"
}

@ARTICLE{Jonsson2022-mb,
  title     = "Current Crowding in Nanoscale Superconductors within the
               {Ginzburg-Landau} Model",
  author    = "J{\"o}nsson, Mattias and Vedin, Robert and Gyger, Samuel and
               Sutton, James A and Steinhauer, Stephan and Zwiller, Val and
               Wallin, Mats and Lidmar, Jack",
  journal   = "Phys. Rev. Applied",
  publisher = "American Physical Society",
  volume    =  17,
  number    =  6,
  pages     = "064046",
  month     =  jun,
  year      =  2022,
  url       = "https://link.aps.org/doi/10.1103/PhysRevApplied.17.064046"
}


@ARTICLE{Guikema2008-vc,
  title     = "Two-dimensional vortex behavior in highly underdoped {Y} Ba 2 Cu
               3 {O} 6+ x observed by scanning Hall probe microscopy",
  author    = "Guikema, J W and Bluhm, Hendrik and Bonn, D A and Liang, Ruixing
               and Hardy, W N and Moler, K A",
  journal   = "Phys. Rev. B: Condens. Matter Mater. Phys.",
  publisher = "APS",
  volume    =  77,
  number    =  10,
  pages     = "104515",
  year      =  2008,
  url       = "https://journals.aps.org/prb/abstract/10.1103/PhysRevB.77.104515"
}

@ARTICLE{Auslaender2008-xb,
  title     = "Mechanics of individual isolated vortices in a cuprate
               superconductor",
  author    = "Auslaender, Ophir M and Luan, Lan and Straver, Eric W J and
               Hoffman, Jennifer E and Koshnick, Nicholas C and Zeldov, Eli and
               Bonn, Douglas A and Liang, Ruixing and Hardy, Walter N and
               Moler, Kathryn A",
  journal   = "Nat. Phys.",
  publisher = "Nature Publishing Group",
  volume    =  5,
  number    =  1,
  pages     = "35--39",
  month     =  nov,
  year      =  2008,
  url       = "https://www.nature.com/articles/nphys1127",
  language  = "english"
}

@ARTICLE{Gardner2002-un,
  title     = "Manipulation of single vortices in {YBa} 2 Cu 3 {O} 6.354 with a
               locally applied magnetic field",
  author    = "Gardner, Brian W and Wynn, Janice C and Bonn, D A and Liang,
               Ruixing and Hardy, W N and Kirtley, John R and Kogan, Vladimir G
               and Moler, Kathryn A",
  journal   = "Appl. Phys. Lett.",
  publisher = "American Institute of Physics",
  volume    =  80,
  number    =  6,
  pages     = "1010--1012",
  year      =  2002,
  url       = "https://aip.scitation.org/doi/abs/10.1063/1.1445468?casa_token=D4WbMNqcGB8AAAAA:PvDxdiAE1TMP5QAFQbMedR-BfMztUE1G4P71ov1K6a-eZtq44pr4nU9OboVUWK6yl6yu7jQkMcoQ"
}

@ARTICLE{Gardner2003-ry,
  title    = "Vortex--antivortex annihilation in underdoped {YBa2Cu3O6.354}",
  author   = "Gardner, Brian W and Wynn, Janice C and Bonn, Doug A and Liang,
              Ruixing and Hardy, Walter N and Moler, Kathryn A",
  journal  = "Physica C Supercond.",
  volume   = "388-389",
  pages    = "725--726",
  month    =  may,
  year     =  2003,
  url      = "https://www.sciencedirect.com/science/article/pii/S0921453402025157",
  keywords = "Vortex pinning; Cuprate; Scanning SQUID"
}

@ARTICLE{Zhang2019-hl,
  title     = "Imaging anisotropic vortex dynamics in {FeSe}",
  author    = "Zhang, Irene P and Palmstrom, Johanna C and Noad, Hilary and
               Bishop-Van Horn, Logan and Iguchi, Yusuke and Cui, Zheng and
               Mueller, Eli and Kirtley, John R and Fisher, Ian R and Moler,
               Kathryn A",
  journal   = "Phys. Rev. B Condens. Matter",
  publisher = "American Physical Society",
  volume    =  100,
  number    =  2,
  pages     = "024514",
  month     =  jul,
  year      =  2019,
  url       = "https://link.aps.org/doi/10.1103/PhysRevB.100.024514"
}

@ARTICLE{Iguchi2021-wm,
  title     = "Local observation of linear-T superfluid density and anomalous
               vortex dynamics in {URu$_{2}$Si$_{2}$}",
  author    = "Iguchi, Yusuke and Zhang, Irene P and Bauer, Eric D and Ronning,
               Filip and Kirtley, John R and Moler, Kathryn A",
  journal   = "Phys. Rev. B Condens. Matter",
  publisher = "American Physical Society",
  volume    =  103,
  number    =  22,
  pages     = "L220503",
  month     =  jun,
  year      =  2021,
  url       = "https://link.aps.org/doi/10.1103/PhysRevB.103.L220503"
}

@ARTICLE{Draskovic2013-ev,
  title     = "Measuring the superconducting coherence length in thin films
               using a two-coil experiment",
  author    = "Draskovic, John and Lemberger, Thomas R and Peters, Brian and
               Yang, Fengyuan and Ku, Jaseung and Bezryadin, Alexey and Wang,
               Song",
  journal   = "Phys. Rev. B Condens. Matter",
  publisher = "American Physical Society",
  volume    =  88,
  number    =  13,
  pages     = "134516",
  month     =  oct,
  year      =  2013,
  doi = {10.1103/PhysRevB.88.134516}
}


@ARTICLE{Wissberg2018-lq,
  title     = "Local view of superconducting fluctuations",
  author    = "Wissberg, Shai and Frydman, Aviad and Kalisky, Beena",
  journal   = "Appl. Phys. Lett.",
  publisher = "American Institute of Physics",
  volume    =  112,
  number    =  26,
  pages     = "262602",
  month     =  jun,
  year      =  2018,
  url       = "https://doi.org/10.1063/1.5037702"
}


@INCOLLECTION{Clem1991-vq,
  title     = "Ac Losses in {Type-II} Superconductors",
  booktitle = "Magnetic Susceptibility of Superconductors and Other Spin
               Systems",
  author    = "Clem, John R",
  editor    = "Hein, Robert A and Francavilla, Thomas L and Liebenberg, Donald
               H",
  publisher = "Springer US",
  pages     = "177--211",
  year      =  1991,
  url       = "https://doi.org/10.1007/978-1-4899-2379-0_8",
  address   = "Boston, MA"
}


% The entry below contains non-ASCII chars that could not be converted
% to a LaTeX equivalent.
@ARTICLE{Clem1979-tm,
  title     = "Theory of ac losses in {type‐II} superconductors with a
               field-dependent surface barrier",
  author    = "Clem, John R",
  journal   = "J. Appl. Phys.",
  publisher = "American Institute of Physics",
  volume    =  50,
  number    =  5,
  pages     = "3518--3530",
  month     =  may,
  year      =  1979,
  url       = "https://doi.org/10.1063/1.326349"
}


@ARTICLE{Bean1964-hv,
  title     = "Surface Barrier in {Type-II} Superconductors",
  author    = "Bean, C P and Livingston, J D",
  journal   = "Phys. Rev. Lett.",
  publisher = "American Physical Society",
  volume    =  12,
  number    =  1,
  pages     = "14--16",
  month     =  jan,
  year      =  1964,
  url       = "https://link.aps.org/doi/10.1103/PhysRevLett.12.14"
}

@ARTICLE{Hernandez2002-nx,
  title     = "Surface barrier in mesoscopic type-I and {type-II}
               superconductors",
  author    = "Hern{\'a}ndez, Alexander D and Dom{\'\i}nguez, Daniel",
  journal   = "Phys. Rev. B Condens. Matter",
  publisher = "American Physical Society",
  volume    =  65,
  number    =  14,
  pages     = "144529",
  month     =  apr,
  year      =  2002,
  url       = "https://link.aps.org/doi/10.1103/PhysRevB.65.144529"
}


@MISC{Goldfard1991-ws,
  title  = "Alternating-field susceptometry and magnetic susceptibility of
            superconductors",
  author = "Goldfard, R B and Lelental, M and Thompson, C A",
  year   =  1991,
  url    = "http://dx.doi.org/10.6028/nist.ir.3977"
}


@ARTICLE{Lemberger2013-lu,
  title     = "Theory of the lower critical magnetic field for a
               two-dimensional superconducting film in a nonuniform field",
  author    = "Lemberger, Thomas R and Draskovic, John",
  journal   = "Phys. Rev. B Condens. Matter",
  publisher = "American Physical Society",
  volume    =  87,
  number    =  6,
  pages     = "064503",
  month     =  feb,
  year      =  2013,
  url       = "https://link.aps.org/doi/10.1103/PhysRevB.87.064503"
}


@ARTICLE{Pearl1964-cl,
  title     = "Current Distribution In Superconducting Films Carrying Quantized
               Fluxoids",
  author    = "Pearl, J",
  journal   = "Appl. Phys. Lett.",
  publisher = "American Institute of Physics",
  volume    =  5,
  number    =  4,
  pages     = "65--66",
  month     =  aug,
  year      =  1964,
  url       = "https://doi.org/10.1063/1.1754056",
  issn      = "0003-6951",
  doi       = "10.1063/1.1754056"
}



@INCOLLECTION{Gorter1955-ip,
  title     = "Chapter {I} The Two Fluid Model for Superconductors and Helium
               {II}",
  booktitle = "Progress in Low Temperature Physics",
  author    = "Gorter, C J",
  editor    = "Gorter, C J",
  publisher = "Elsevier",
  volume    =  1,
  pages     = "1--16",
  month     =  jan,
  year      =  1955,
  url       = "https://www.sciencedirect.com/science/article/pii/S0079641708600761"
}


@BOOK{Tinkham2004-ln,
  title     = "Introduction to Superconductivity: Second Edition",
  author    = "Tinkham, Michael",
  publisher = "Courier Corporation",
  month     =  jun,
  year      =  2004,
  url       = "https://play.google.com/store/books/details?id=JOQoAwAAQBAJ",
}

@ARTICLE{Schmid1966-bh,
  title   = "A time dependent {Ginzburg-Landau} equation and its application to
             the problem of resistivity in the mixed state",
  author  = "Schmid, Albert",
  journal = "Physik der kondensierten Materie",
  volume  =  5,
  number  =  4,
  pages   = "302--317",
  month   =  oct,
  year    =  1966,
  url     = "https://doi.org/10.1007/BF02422669"
}

@BOOK{Kopnin2001-ip,
  title     = "Theory of Nonequilibrium Superconductivity",
  author    = "Kopnin, N B",
  publisher = "Clarendon Press",
  month     =  may,
  year      =  2001,
  url       = "https://play.google.com/store/books/details?id=fYZb3D1V8rwC",
}


@ARTICLE{Jelic2016-ww,
  title    = "Velocimetry of superconducting vortices based on stroboscopic
              resonances",
  author   = "Jeli{\'c}, {\v Z} L and Milo{\v s}evi{\'c}, M V and Silhanek, A V",
  journal  = "Sci. Rep.",
  volume   =  6,
  pages    = "35687",
  month    =  oct,
  year     =  2016,
  url      = "http://dx.doi.org/10.1038/srep35687",
}

@PHDTHESIS{Jonsson2022-xe,
  title     = "Theory for superconducting few-photon detectors",
  author    = "J{\"o}nsson, Mattias",
  school = "KTH Royal Institute of Technology",
  year      =  2022,
  url       = "http://kth.diva-portal.org/smash/record.jsf?pid=diva2%3A1657766&dswid=-9243",
}

@ARTICLE{Gropp1996-uw,
  title   = "Numerical Simulation of Vortex Dynamics in {Type-II}
             Superconductors",
  author  = "Gropp, William D and Kaper, Hans G and Leaf, Gary K and Levine,
             David M and Palumbo, Mario and Vinokur, Valerii M",
  journal = "J. Comput. Phys.",
  volume  =  123,
  number  =  2,
  pages   = "254--266",
  month   =  feb,
  year    =  1996,
  url     = "https://www.sciencedirect.com/science/article/pii/S0021999196900224"
}

@ARTICLE{Du1998-kt,
  title     = "Analysis and Convergence of a Covolume Approximation of the
               {Ginzburg-Landau} Model of Superconductivity",
  author    = "Du, Qiang and Nicolaides, R A and Wu, Xiaonan",
  journal   = "SIAM J. Numer. Anal.",
  publisher = "Society for Industrial and Applied Mathematics",
  volume    =  35,
  number    =  3,
  pages     = "1049--1072",
  year      =  1998,
  url       = "http://www.jstor.org/stable/2587121"
}


@ARTICLE{Hernandez2008-mi,
  title     = "Dissipation spots generated by vortex nucleation points in
               mesoscopic superconductors driven by microwave magnetic fields",
  author    = "Hern{\'a}ndez, Alexander D and Dom{\'\i}nguez, Daniel",
  journal   = "Phys. Rev. B Condens. Matter",
  publisher = "American Physical Society",
  volume    =  77,
  number    =  22,
  pages     = "224505",
  month     =  jun,
  year      =  2008,
  url       = "https://link.aps.org/doi/10.1103/PhysRevB.77.224505",
  issn      = "0163-1829",
  doi       = "10.1103/PhysRevB.77.224505"
}

@ARTICLE{Hernandez2002-oe,
  title     = "ac magnetic response of mesoscopic {type-II} superconductors",
  author    = "Hern{\'a}ndez, Alexander D and Dom{\'\i}nguez, Daniel",
  journal   = "Phys. Rev. B Condens. Matter",
  publisher = "American Physical Society",
  volume    =  66,
  number    =  14,
  pages     = "144505",
  month     =  oct,
  year      =  2002,
  url       = "https://link.aps.org/doi/10.1103/PhysRevB.66.144505",
  issn      = "0163-1829",
  doi       = "10.1103/PhysRevB.66.144505"
}

@ARTICLE{Webb1969-mb,
  title     = "{Low-Temperature} Electrical Resistivity of Pure Niobium",
  author    = "Webb, G W",
  journal   = "Phys. Rev.",
  publisher = "American Physical Society",
  volume    =  181,
  number    =  3,
  pages     = "1127--1135",
  month     =  may,
  year      =  1969,
  url       = "https://link.aps.org/doi/10.1103/PhysRev.181.1127",
  issn      = "0959-8472",
  doi       = "10.1103/PhysRev.181.1127"
}


@ARTICLE{Huber2008-il,
  title    = "Gradiometric {micro-SQUID} susceptometer for scanning
              measurements of mesoscopic samples",
  author   = "Huber, Martin E and Koshnick, Nicholas C and Bluhm, Hendrik and
              Archuleta, Leonard J and Azua, Tommy and Bj{\"o}rnsson, Per G and
              Gardner, Brian W and Halloran, Sean T and Lucero, Erik A and
              Moler, Kathryn A",
  journal  = "Rev. Sci. Instrum.",
  volume   =  79,
  number   =  5,
  pages    = "053704",
  month    =  may,
  year     =  2008,
  url      = "http://dx.doi.org/10.1063/1.2932341",
  issn     = "0034-6748",
  pmid     = "18513072",
  doi      = "10.1063/1.2932341"
}


@ARTICLE{Kalisky2011-ns,
  title     = "Behavior of vortices near twin boundaries in underdoped
               {Ba(Fe$_{-}$xCo$_{x}$$_{2}$As$_{2}$}",
  author    = "Kalisky, B and Kirtley, J R and Analytis, J G and Chu, J-H and
               Fisher, I R and Moler, K A",
  journal   = "Phys. Rev. B Condens. Matter",
  publisher = "American Physical Society",
  volume    =  83,
  number    =  6,
  pages     = "064511",
  month     =  feb,
  year      =  2011,
  url       = "https://link.aps.org/doi/10.1103/PhysRevB.83.064511",
  issn      = "0163-1829",
  doi       = "10.1103/PhysRevB.83.064511"
}


@ARTICLE{Prozorov2011-vi,
  title     = "London penetration depth in iron-based superconductors",
  author    = "Prozorov, R and Kogan, V G",
  journal   = "Rep. Prog. Phys.",
  publisher = "IOP Publishing",
  volume    =  74,
  number    =  12,
  pages     = "124505",
  month     =  sep,
  year      =  2011,
  url       = "https://iopscience.iop.org/article/10.1088/0034-4885/74/12/124505/meta",
  issn      = "0034-4885",
  doi       = "10.1088/0034-4885/74/12/124505"
}


@ARTICLE{Kanda2004-lx,
  title    = "Experimental evidence for giant vortex states in a mesoscopic
              superconducting disk",
  author   = "Kanda, A and Baelus, B J and Peeters, F M and Kadowaki, K and
              Ootuka, Y",
  journal  = "Phys. Rev. Lett.",
  volume   =  93,
  number   =  25,
  pages    = "257002",
  month    =  dec,
  year     =  2004,
  url      = "http://dx.doi.org/10.1103/PhysRevLett.93.257002",
  issn     = "0031-9007",
  pmid     = "15697930",
  doi      = "10.1103/PhysRevLett.93.257002"
}

@ARTICLE{Gurevich2008-vi,
  title    = "Size effects in the nonlinear resistance and flux creep in a
              virtual {Berezinskii-Kosterlitz-Thouless} state of
              superconducting films",
  author   = "Gurevich, A and Vinokur, V M",
  journal  = "Phys. Rev. Lett.",
  volume   =  100,
  number   =  22,
  pages    = "227007",
  month    =  jun,
  year     =  2008,
  url      = "http://dx.doi.org/10.1103/PhysRevLett.100.227007",
  issn     = "0031-9007",
  pmid     = "18643452",
  doi      = "10.1103/PhysRevLett.100.227007"
}

@MISC{Herbert1998-ig,
  title   = "Effect of finite size on the {Kosterlitz-Thouless} transition in
             two-dimensional arrays of proximity-coupled junctions",
  author  = "Herbert, S T and Jun, Y and Newrock, R S and Lobb, C J and
             Ravindran, K and Shin, H-K and Mast, D B and Elhamri, S",
  journal = "Physical Review B",
  volume  =  57,
  number  =  2,
  pages   = "1154--1163",
  year    =  1998,
  url     = "http://dx.doi.org/10.1103/physrevb.57.1154",
  doi     = "10.1103/physrevb.57.1154"
}


@MISC{Gladilin2009-zl,
  title   = "Vortex-antivortex pair generation by an in-plane magnetic dipole
             on a superconducting film",
  author  = "Gladilin, V N and Tempere, J and Devreese, J T and Gillijns, W and
             Moshchalkov, V V",
  journal = "Physical Review B",
  volume  =  80,
  number  =  5,
  year    =  2009,
  url     = "http://dx.doi.org/10.1103/physrevb.80.054503",
  doi     = "10.1103/physrevb.80.054503"
}

@ARTICLE{Ge2017-wa,
  title     = "Controlled Generation of Quantized {Vortex--Antivortex} Pairs in
               a Superconducting Condensate",
  author    = "Ge, Jun-Yi and Gladilin, Vladimir N and Tempere, Jacques and
               Devreese, Jozef and Moshchalkov, Victor V",
  journal   = "Nano Lett.",
  publisher = "American Chemical Society",
  volume    =  17,
  number    =  8,
  pages     = "5003--5007",
  month     =  aug,
  year      =  2017,
  url       = "https://doi.org/10.1021/acs.nanolett.7b02180",
  issn      = "1530-6984",
  doi       = "10.1021/acs.nanolett.7b02180"
}


@ARTICLE{Simmendinger2020-pv,
  title     = "Bound and stable vortex--antivortex pairs in high-T c
               superconductors",
  author    = "Simmendinger, J and Bihler, M and Ionescu, A M and Weigand, M
               and Sch{\"u}tz, G and Albrecht, J",
  journal   = "New J. Phys.",
  publisher = "IOP Publishing",
  volume    =  22,
  number    =  12,
  pages     = "123035",
  month     =  dec,
  year      =  2020,
  url       = "https://iopscience.iop.org/article/10.1088/1367-2630/abd123/meta",
  issn      = "1367-2630",
  doi       = "10.1088/1367-2630/abd123"
}


@ARTICLE{Bozovic2016-sl,
  title    = "Dependence of the critical temperature in overdoped copper oxides
              on superfluid density",
  author   = "Bo{\v z}ovi{\'c}, I and He, X and Wu, J and Bollinger, A T",
  journal  = "Nature",
  volume   =  536,
  number   =  7616,
  pages    = "309--311",
  month    =  aug,
  year     =  2016,
  url      = "http://dx.doi.org/10.1038/nature19061",
  issn     = "0028-0836, 1476-4687",
  pmid     = "27535534",
  doi      = "10.1038/nature19061"
}


@ARTICLE{Claassen1997-sb,
  title     = "Optimizing the two-coil mutual inductance measurement of the
               superconducting penetration depth in thin films",
  author    = "Claassen, J H and Wilson, M L and Byers, J M and Adrian, S",
  journal   = "J. Appl. Phys.",
  publisher = "American Institute of Physics",
  volume    =  82,
  number    =  6,
  pages     = "3028--3034",
  month     =  sep,
  year      =  1997,
  url       = "https://doi.org/10.1063/1.366287",
  issn      = "0021-8979",
  doi       = "10.1063/1.366287"
}


@ARTICLE{He2016-pz,
  title    = "High-precision measurement of magnetic penetration depth in
              superconducting films",
  author   = "He, X and Gozar, A and Sundling, R and Bo{\v z}ovi{\'c}, I",
  journal  = "Rev. Sci. Instrum.",
  volume   =  87,
  number   =  11,
  pages    = "113903",
  month    =  nov,
  year     =  2016,
  url      = "http://dx.doi.org/10.1063/1.4967004",
  issn     = "0034-6748, 1089-7623",
  pmid     = "27910375",
  doi      = "10.1063/1.4967004"
}

% The entry below contains non-ASCII chars that could not be converted
% to a LaTeX equivalent.
@ARTICLE{Fiory1988-zw,
  title     = "Penetration depths of high Tc films measured by two‐coil mutual
               inductances",
  author    = "Fiory, A T and Hebard, A F and Mankiewich, P M and Howard, R E",
  journal   = "Appl. Phys. Lett.",
  publisher = "American Institute of Physics",
  volume    =  52,
  number    =  25,
  pages     = "2165--2167",
  month     =  jun,
  year      =  1988,
  url       = "https://doi.org/10.1063/1.99757",
  issn      = "0003-6951",
  doi       = "10.1063/1.99757"
}


@ARTICLE{Resnick1981-ow,
  title     = "{Kosterlitz-Thouless} Transition in {Proximity-Coupled}
               Superconducting Arrays",
  author    = "Resnick, D J and Garland, J C and Boyd, J T and Shoemaker, S and
               Newrock, R S",
  journal   = "Phys. Rev. Lett.",
  publisher = "American Physical Society",
  volume    =  47,
  number    =  21,
  pages     = "1542--1545",
  month     =  nov,
  year      =  1981,
  url       = "https://link.aps.org/doi/10.1103/PhysRevLett.47.1542",
  issn      = "0031-9007",
  doi       = "10.1103/PhysRevLett.47.1542"
}


@MISC{Naibert2021-ps,
  title   = "Imaging and controlling vortex dynamics in mesoscopic
             superconductor--normal-metal--superconductor arrays",
  author  = "Naibert, Tyler R and Polshyn, Hryhoriy and Garrido-Menacho, Rita
             and Durkin, Malcolm and Wolin, Brian and Chua, Victor and
             Mondragon-Shem, Ian and Hughes, Taylor and Mason, Nadya and
             Budakian, Raffi",
  journal = "Physical Review B",
  volume  =  103,
  number  =  22,
  year    =  2021,
  url     = "http://dx.doi.org/10.1103/physrevb.103.224526",
  doi     = "10.1103/physrevb.103.224526"
}

@ARTICLE{Eley2011-id,
  title     = "Approaching zero-temperature metallic states in mesoscopic
               superconductor--normal--superconductor arrays",
  author    = "Eley, Serena and Gopalakrishnan, Sarang and Goldbart, Paul M and
               Mason, Nadya",
  journal   = "Nat. Phys.",
  publisher = "Nature Publishing Group",
  volume    =  8,
  number    =  1,
  pages     = "59--62",
  month     =  dec,
  year      =  2011,
  url       = "https://www.nature.com/articles/nphys2154",
  issn      = "1745-2473",
  doi       = "10.1038/nphys2154"
}

@ARTICLE{Bottcher2018-fx,
  title     = "Superconducting, insulating and anomalous metallic regimes in a
               gated two-dimensional semiconductor--superconductor array",
  author    = "B{\o}ttcher, C G L and Nichele, F and Kjaergaard, M and
               Suominen, H J and Shabani, J and Palmstr{\o}m, C J and Marcus, C
               M",
  journal   = "Nat. Phys.",
  publisher = "Nature Publishing Group",
  volume    =  14,
  number    =  11,
  pages     = "1138--1144",
  month     =  aug,
  year      =  2018,
  url       = "https://www.nature.com/articles/s41567-018-0259-9",
  issn      = "1745-2473",
  doi       = "10.1038/s41567-018-0259-9"
}


@ARTICLE{Welp2002-zt,
  title     = "Superconducting transition and vortex pinning in Nb films
               patterned with nanoscale hole arrays",
  author    = "Welp, U and Xiao, Z L and Jiang, J S and Vlasko-Vlasov, V K and
               Bader, S D and Crabtree, G W and Liang, J and Chik, H and Xu, J
               M",
  journal   = "Phys. Rev. B Condens. Matter",
  publisher = "American Physical Society",
  volume    =  66,
  number    =  21,
  pages     = "212507",
  month     =  dec,
  year      =  2002,
  url       = "https://link.aps.org/doi/10.1103/PhysRevB.66.212507",
  issn      = "0163-1829",
  doi       = "10.1103/PhysRevB.66.212507"
}

@ARTICLE{Aichner2019-zq,
  title     = "Ultradense Tailored Vortex Pinning Arrays in Superconducting
               {YBa${}_2$Cu${}_3$O${}_{7-\delta}$} Thin Films Created by Focused He Ion Beam Irradiation for Fluxonics Applications",
  author    = "Aichner, Bernd and M{\"u}ller, Benedikt and Karrer, Max and
               Misko, Vyacheslav R and Limberger, Fabienne and Mletschnig,
               Kristijan L and Dosmailov, Meirzhan and Pedarnig, Johannes D and Nori, Franco and Kleiner, Reinhold and Koelle, Dieter and Lang,
               Wolfgang",
  journal   = "ACS Appl. Nano Mater.",
  publisher = "American Chemical Society",
  volume    =  2,
  number    =  8,
  pages     = "5108--5115",
  month     =  aug,
  year      =  2019,
  url       = "https://doi.org/10.1021/acsanm.9b01006",
  doi       = "10.1021/acsanm.9b01006"
}


@ARTICLE{Massee2015-el,
  title    = "Imaging atomic-scale effects of high-energy ion irradiation on
              superconductivity and vortex pinning in {Fe(Se,Te})",
  author   = "Massee, Freek and Sprau, Peter Oliver and Wang, Yong-Lei and
              Davis, J C S{\'e}amus and Ghigo, Gianluca and Gu, Genda D and
              Kwok, Wai-Kwong",
  journal  = "Sci Adv",
  volume   =  1,
  number   =  4,
  pages    = "e1500033",
  month    =  may,
  year     =  2015,
  url      = "http://dx.doi.org/10.1126/sciadv.1500033",
  keywords = "Critical Current by Design; High Energy Ion Irradiation;
              Iron-based Superconductivity; Spectroscopic Imaging Scanning
              Tunneling Microscopy; Vortex Pinning",
  issn     = "2375-2548",
  pmid     = "26601180",
  doi      = "10.1126/sciadv.1500033",
  pmc      = "PMC4640636"
}


@ARTICLE{Kwok2016-of,
  title    = "Vortices in high-performance high-temperature superconductors",
  author   = "Kwok, Wai-Kwong and Welp, Ulrich and Glatz, Andreas and Koshelev,
              Alexei E and Kihlstrom, Karen J and Crabtree, George W",
  journal  = "Rep. Prog. Phys.",
  volume   =  79,
  number   =  11,
  pages    = "116501",
  month    =  nov,
  year     =  2016,
  url      = "http://dx.doi.org/10.1088/0034-4885/79/11/116501",
}

@ARTICLE{Sadovskyy2015-ha,
  title    = "Stable large-scale solver for {Ginzburg--Landau} equations for
              superconductors",
  author   = "Sadovskyy, I A and Koshelev, A E and Phillips, C L and Karpeyev,
              D A and Glatz, A",
  journal  = "J. Comput. Phys.",
  volume   =  294,
  pages    = "639--654",
  month    =  aug,
  year     =  2015,
  url      = "https://www.sciencedirect.com/science/article/pii/S0021999115002284",
  keywords = "Ginzburg--Landau; TDGL; Vortex dynamics; Type-II superconductors;
              GPU"
}


@ARTICLE{Bert2012-jx,
  title     = "Gate-tuned superfluid density at the superconducting
               {LaAlO$_{3}$/SrTiO$_{3}$} interface",
  author    = "Bert, Julie A and Nowack, Katja C and Kalisky, Beena and Noad,
               Hilary and Kirtley, John R and Bell, Chris and Sato, Hiroki K
               and Hosoda, Masayuki and Hikita, Yasayuki and Hwang, Harold Y
               and Moler, Kathryn A",
  journal   = "Phys. Rev. B Condens. Matter",
  publisher = "American Physical Society",
  volume    =  86,
  number    =  6,
  pages     = "060503",
  month     =  aug,
  year      =  2012,
  url       = "https://link.aps.org/doi/10.1103/PhysRevB.86.060503",
  issn      = "0163-1829",
  doi       = "10.1103/PhysRevB.86.060503"
}


@PHDTHESIS{Bert2012-wh,
  title  = "Superconductivity in reduced dimensions",
  author = "Bert, Julie Ann",
  editor = "Moler, Kathryn A and Hwang, Harold Yoonsung and Kivelson, Steven",
  year   =  2012,
  url    = "http://purl.stanford.edu/yn530ff0275",
  school = "Stanford University"
}


@ARTICLE{Turneaure1998-mo,
  title     = "Numerical modeling and experimental considerations for a
               two-coil apparatus to measure the complex conductivity of
               superconducting films",
  author    = "Turneaure, Stefan J and Pesetski, Aaron A and Lemberger, Thomas
               R",
  journal   = "J. Appl. Phys.",
  publisher = "American Institute of Physics",
  volume    =  83,
  number    =  8,
  pages     = "4334--4343",
  month     =  apr,
  year      =  1998,
  url       = "https://doi.org/10.1063/1.367193",
  issn      = "0021-8979",
  doi       = "10.1063/1.367193"
}


% The entry below contains non-ASCII chars that could not be converted
% to a LaTeX equivalent.
@ARTICLE{Jeanneret1989-ss,
  title     = "Inductive conductance measurements in two-dimensional
               superconducting systems",
  author    = "Jeanneret, B and Gavilano, J L and Racine, G A and Leemann, Ch
               and Martinoli, P",
  journal   = "Appl. Phys. Lett.",
  publisher = "American Institute of Physics",
  volume    =  55,
  number    =  22,
  pages     = "2336--2338",
  month     =  nov,
  year      =  1989,
  url       = "https://doi.org/10.1063/1.102053",
  issn      = "0003-6951",
  doi       = "10.1063/1.102053"
}


@ARTICLE{Clem1992-ko,
  title    = "Vortex dynamics in a {type-II} superconducting film and complex
              linear-response functions",
  author   = "Clem, J R and Coffey, M W",
  journal  = "Phys. Rev. B Condens. Matter",
  volume   =  46,
  number   =  22,
  pages    = "14662--14674",
  month    =  dec,
  year     =  1992,
  url      = "http://dx.doi.org/10.1103/physrevb.46.14662",
  issn     = "0163-1829",
  pmid     = "10003568",
  doi      = "10.1103/physrevb.46.14662"
}


@ARTICLE{Eley2021-lu,
  title     = "Challenges and transformative opportunities in superconductor
               vortex physics",
  author    = "Eley, Serena and Glatz, Andreas and Willa, Roland",
  journal   = "J. Appl. Phys.",
  publisher = "American Institute of Physics",
  volume    =  130,
  number    =  5,
  pages     = "050901",
  month     =  aug,
  year      =  2021,
  url       = "https://doi.org/10.1063/5.0055611",
  issn      = "0021-8979",
  doi       = "10.1063/5.0055611"
}


@ARTICLE{Kremen2018-dp,
  title    = "Imaging quantum fluctuations near criticality",
  author   = "Kremen, A and Khan, H and Loh, Y L and Baturina, T I and Trivedi,
              N and Frydman, A and Kalisky, B",
  journal  = "Nat. Phys.",
  volume   =  14,
  number   =  12,
  pages    = "1205--1210",
  month    =  dec,
  year     =  2018,
  url      = "http://dx.doi.org/10.1038/s41567-018-0264-z",
  issn     = "1745-2473",
  pmid     = "30555522",
  doi      = "10.1038/s41567-018-0264-z",
  pmc      = "PMC6287708"
}

@ARTICLE{Benfenati2020-mg,
  title     = "Vortex nucleation barrier in superconductors beyond the
               {Bean-Livingston} approximation: A numerical approach for the
               sphaleron problem in a gauge theory",
  author    = "Benfenati, Andrea and Maiani, Andrea and Rybakov, Filipp N and
               Babaev, Egor",
  journal   = "Phys. Rev. B Condens. Matter",
  publisher = "American Physical Society",
  volume    =  101,
  number    =  22,
  pages     = "220505",
  month     =  jun,
  year      =  2020,
  url       = "https://link.aps.org/doi/10.1103/PhysRevB.101.220505",
  issn      = "0163-1829",
  doi       = "10.1103/PhysRevB.101.220505"
}


@ARTICLE{Bishop-Van_Horn2023-dm,
  title         = "{pyTDGL}: Time-dependent {Ginzburg-Landau} in Python",
  author        = "Bishop-Van Horn, Logan",
  month         =  feb,
  year          =  2023,
  url           = "http://arxiv.org/abs/2302.03812",
  archivePrefix = "arXiv",
  eprint        = "2302.03812",
  primaryClass  = "cond-mat.supr-con",
  arxivid       = "2302.03812",
  journal = ""
}

@ARTICLE{Clem1994-qu,
  title    = "Hysteretic ac losses and susceptibility of thin superconducting
              disks",
  author   = "Clem, J R and Sanchez, A",
  journal  = "Phys. Rev. B Condens. Matter",
  volume   =  50,
  number   =  13,
  pages    = "9355--9362",
  month    =  oct,
  year     =  1994,
  url      = "http://dx.doi.org/10.1103/physrevb.50.9355",
  issn     = "0163-1829",
  pmid     = "9974983",
  doi      = "10.1103/physrevb.50.9355"
}


@ARTICLE{Al_Luhaibi2022-cl,
  title     = "Driven responses of periodically patterned superconducting films",
  author    = "Al Luhaibi, A and Glatz, A and Ketterson, J B",
  journal   = "Phys. Rev. B Condens. Matter",
  publisher = "American Physical Society",
  volume    =  106,
  number    =  22,
  pages     = "224516",
  month     =  dec,
  year      =  2022,
  url       = "https://link.aps.org/doi/10.1103/PhysRevB.106.224516",
  issn      = "0163-1829",
  doi       = "10.1103/PhysRevB.106.224516"
}


@ARTICLE{Bishop-Van_Horn2019-ng,
  title    = "Cryogen-free variable temperature scanning {SQUID} microscope",
  author   = "Bishop-Van Horn, Logan and Cui, Zheng and Kirtley, John R and
              Moler, Kathryn A",
  journal  = "Rev. Sci. Instrum.",
  volume   =  90,
  number   =  6,
  pages    = "063705",
  month    =  jun,
  year     =  2019,
  url      = "http://dx.doi.org/10.1063/1.5085008",
  issn     = "0034-6748, 1089-7623",
  pmid     = "31255038",
  doi      = "10.1063/1.5085008"
}

@ARTICLE{Ganguly2015-dk,
  title     = "Slowing down of vortex motion at the
               {Berezinskii-Kosterlitz-Thouless} transition in ultrathin {NbN}
               films",
  author    = "Ganguly, Rini and Chaudhuri, Dipanjan and Raychaudhuri, Pratap
               and Benfatto, Lara",
  journal   = "Phys. Rev. B Condens. Matter",
  publisher = "American Physical Society",
  volume    =  91,
  number    =  5,
  pages     = "054514",
  month     =  feb,
  year      =  2015,
  url       = "https://link.aps.org/doi/10.1103/PhysRevB.91.054514",
  issn      = "0163-1829",
  doi       = "10.1103/PhysRevB.91.054514"
}


@ARTICLE{Blatter1994-mq,
  title     = "Vortices in high-temperature superconductors",
  author    = "Blatter, G and Feigel'man, M V and Geshkenbein, V B and Larkin,
               A I and Vinokur, V M",
  journal   = "Rev. Mod. Phys.",
  publisher = "American Physical Society",
  volume    =  66,
  number    =  4,
  pages     = "1125--1388",
  month     =  oct,
  year      =  1994,
  url       = "https://link.aps.org/doi/10.1103/RevModPhys.66.1125",
  issn      = "0034-6861",
  doi       = "10.1103/RevModPhys.66.1125"
}


@ARTICLE{Clem2011-ji,
  title     = "Geometry-dependent critical currents in superconducting
               nanocircuits",
  author    = "Clem, John R and Berggren, Karl K",
  journal   = "Phys. Rev. B Condens. Matter",
  publisher = "American Physical Society",
  volume    =  84,
  number    =  17,
  pages     = "174510",
  month     =  nov,
  year      =  2011,
  url       = "https://link.aps.org/doi/10.1103/PhysRevB.84.174510",
  issn      = "0163-1829",
  doi       = "10.1103/PhysRevB.84.174510"
}

@ARTICLE{Berdiyorov2012-rn,
  title     = "Spatially dependent sensitivity of superconducting meanders as
               single-photon detectors",
  author    = "Berdiyorov, G R and Milo{\v s}evi{\'c}, M V and Peeters, F M",
  journal   = "Appl. Phys. Lett.",
  publisher = "American Institute of Physics",
  volume    =  100,
  number    =  26,
  pages     = "262603",
  month     =  jun,
  year      =  2012,
  url       = "https://doi.org/10.1063/1.4731627",
  issn      = "0003-6951",
  doi       = "10.1063/1.4731627"
}

@ARTICLE{Hortensius2012-op,
  title     = "Critical-current reduction in thin superconducting wires due to
               current crowding",
  author    = "Hortensius, H L and Driessen, E F C and Klapwijk, T M and
               Berggren, K K and Clem, J R",
  journal   = "Appl. Phys. Lett.",
  publisher = "American Institute of Physics",
  volume    =  100,
  number    =  18,
  pages     = "182602",
  month     =  apr,
  year      =  2012,
  url       = "https://doi.org/10.1063/1.4711217",
  issn      = "0003-6951",
  doi       = "10.1063/1.4711217"
}


@ARTICLE{Henrich2012-jm,
  title     = "Geometry-induced reduction of the critical current in
               superconducting nanowires",
  author    = "Henrich, D and Reichensperger, P and Hofherr, M and Meckbach, J
               M and Il'in, K and Siegel, M and Semenov, A and Zotova, A and
               Vodolazov, D Yu",
  journal   = "Phys. Rev. B Condens. Matter",
  publisher = "American Physical Society",
  volume    =  86,
  number    =  14,
  pages     = "144504",
  month     =  oct,
  year      =  2012,
  url       = "https://link.aps.org/doi/10.1103/PhysRevB.86.144504",
  issn      = "0163-1829",
  doi       = "10.1103/PhysRevB.86.144504"
}


@ARTICLE{Clem2012-og,
  title     = "Predicted field-dependent increase of critical currents in
               asymmetric superconducting nanocircuits",
  author    = "Clem, John R and Mawatari, Yasunori and Berdiyorov, G R and
               Peeters, F M",
  journal   = "Phys. Rev. B Condens. Matter",
  publisher = "American Physical Society",
  volume    =  85,
  number    =  14,
  pages     = "144511",
  month     =  apr,
  year      =  2012,
  url       = "https://link.aps.org/doi/10.1103/PhysRevB.85.144511",
  issn      = "0163-1829",
  doi       = "10.1103/PhysRevB.85.144511"
}


@ARTICLE{Adami2013-ci,
  title     = "Current crowding effects in superconducting corner-shaped Al
               microstrips",
  author    = "Adami, O-A and Cerbu, D and Cabosart, D and Motta, M and
               Cuppens, J and Ortiz, W A and Moshchalkov, V V and Hackens, B
               and Delamare, R and Van de Vondel, J and Silhanek, A V",
  journal   = "Appl. Phys. Lett.",
  publisher = "American Institute of Physics",
  volume    =  102,
  number    =  5,
  pages     = "052603",
  month     =  feb,
  year      =  2013,
  url       = "https://doi.org/10.1063/1.4790625",
  issn      = "0003-6951",
  doi       = "10.1063/1.4790625"
}


@ARTICLE{Ilin2014-od,
  title     = "Critical current of Nb, {NbN}, and {TaN} thin-film bridges with
               and without geometrical nonuniformities in a magnetic field",
  author    = "Ilin, K and Henrich, D and Luck, Y and Liang, Y and Siegel, M
               and Vodolazov, D Yu",
  journal   = "Phys. Rev. B Condens. Matter",
  publisher = "American Physical Society",
  volume    =  89,
  number    =  18,
  pages     = "184511",
  month     =  may,
  year      =  2014,
  url       = "https://link.aps.org/doi/10.1103/PhysRevB.89.184511",
  issn      = "0163-1829",
  doi       = "10.1103/PhysRevB.89.184511"
}

@ARTICLE{Bezuglyj2022-cm,
  title     = "Vortex jets generated by edge defects in current-carrying
               superconductor thin strips",
  author    = "Bezuglyj, A I and Shklovskij, V A and Budinsk{\'a}, B and
               Aichner, B and Bevz, V M and Mikhailov, M Yu and Vodolazov, D Yu
               and Lang, W and Dobrovolskiy, O V",
  journal   = "Phys. Rev. B Condens. Matter",
  publisher = "American Physical Society",
  volume    =  105,
  number    =  21,
  pages     = "214507",
  month     =  jun,
  year      =  2022,
  url       = "https://link.aps.org/doi/10.1103/PhysRevB.105.214507",
  issn      = "0163-1829",
  doi       = "10.1103/PhysRevB.105.214507"
}


@ARTICLE{Cerbu2013-hr,
  title     = "Vortex ratchet induced by controlled edge roughness",
  author    = "Cerbu, D and Gladilin, V N and Cuppens, J and Fritzsche, J and
               Tempere, J and Devreese, J T and Moshchalkov, V V and Silhanek,
               A V and Van de Vondel, J",
  journal   = "New J. Phys.",
  publisher = "IOP Publishing",
  volume    =  15,
  number    =  6,
  pages     = "063022",
  month     =  jun,
  year      =  2013,
  url       = "https://iopscience.iop.org/article/10.1088/1367-2630/15/6/063022/meta",
  issn      = "1367-2630",
  doi       = "10.1088/1367-2630/15/6/063022"
}


@ARTICLE{Vodolazov2003-ya,
  title    = "Vortex entry conditions in {type-II} superconductors.: Effect of
              surface defects",
  author   = "Vodolazov, D Y and Maksimov, I L and Brandt, E H",
  journal  = "Physica C Supercond.",
  volume   =  384,
  number   =  1,
  pages    = "211--226",
  month    =  jan,
  year     =  2003,
  url      = "https://www.sciencedirect.com/science/article/pii/S0921453402018774",
  keywords = "Surface barrier; Vortex entry; Defects",
  issn     = "0921-4534",
  doi      = "10.1016/S0921-4534(02)01877-4"
}


@ARTICLE{Tinkham1964-vo,
  title     = "Consequences of Fluxoid Quantization in the Transitions of
               Superconducting Films",
  author    = "Tinkham, M",
  journal   = "Rev. Mod. Phys.",
  publisher = "American Physical Society",
  volume    =  36,
  number    =  1,
  pages     = "268--276",
  month     =  jan,
  year      =  1964,
  url       = "https://link.aps.org/doi/10.1103/RevModPhys.36.268",
  issn      = "0034-6861",
  doi       = "10.1103/RevModPhys.36.268"
}

@ARTICLE{Fetter1967-ui,
  title     = "The Mixed State of Thin Superconducting Films in Perpendicular
               Fields",
  author    = "Fetter, Alexander L and Hohenberg, P C",
  journal   = "Phys. Rev.",
  publisher = "American Physical Society",
  volume    =  159,
  number    =  2,
  pages     = "330--343",
  month     =  jul,
  year      =  1967,
  url       = "https://link.aps.org/doi/10.1103/PhysRev.159.330",
  issn      = "0959-8472",
  doi       = "10.1103/PhysRev.159.330"
}


@ARTICLE{Matricon1967-oh,
  title   = "Superheating fields in superconductors",
  author  = "Matricon, J and Saint-James, D",
  journal = "Phys. Lett. A",
  volume  =  24,
  number  =  5,
  pages   = "241--242",
  month   =  feb,
  year    =  1967,
  url     = "https://www.sciencedirect.com/science/article/pii/0375960167904124",
  issn    = "0375-9601",
  doi     = "10.1016/0375-9601(67)90412-4"
}
